
@article{neidell2004air,
  title={Air pollution, health, and socio-economic status: the effect of outdoor air quality on childhood asthma},
  author={Neidell, Matthew J},
  journal={Journal of health economics},
  volume={23},
  number={6},
  pages={1209--1236},
  year={2004},
  publisher={Elsevier}
}

@article{neidell2009information,
  title={Information, avoidance behavior, and health the effect of ozone on asthma hospitalizations},
  author={Neidell, Matthew},
  journal={Journal of Human resources},
  volume={44},
  number={2},
  pages={450--478},
  year={2009},
  publisher={University of Wisconsin Press}
}

@article{zivin2009days,
  title={Days of haze: Environmental information disclosure and intertemporal avoidance behavior},
  author={Graff Zivin, Joshua and Neidell, Matthew},
  journal={Journal of Environmental Economics and Management},
  volume={58},
  number={2},
  pages={119--128},
  year={2009},
  publisher={Elsevier}
}

@article{saberian2017alerts,
  title={Alerts work! Air quality warnings and cycling},
  author={Saberian, Soodeh and Heyes, Anthony and Rivers, Nicholas},
  journal={Resource and Energy Economics},
  volume={49},
  pages={165--185},
  year={2017},
  publisher={Elsevier}
}

@article{burke2022exposures,
  title={Exposures and behavioural responses to wildfire smoke},
  author={Burke, Marshall and Heft-Neal, Sam and Li, Jessica and Driscoll, Anne and Baylis, Patrick and Stigler, Matthieu and Weill, Joakim A and Burney, Jennifer A and Wen, Jeff and Childs, Marissa L and others},
  journal={Nature human behaviour},
  volume={6},
  number={10},
  pages={1351--1361},
  year={2022},
  publisher={Nature Publishing Group UK London}
}

@article{holloway2022unequal,
  title={Unequal avoidance: Disparities in smoke-induced out-migration},
  author={Holloway, M Steven and Rubin, Edward},
  year={2022}
}